Date,Business_Unit,Region,Revenue,Cost,Operating_Expense,Employee_Count,Attrition_Count,Customer_Count,Customer_Churn,Marketing_Spend,Production_Volume
7/5/2023,Logistics,Unknown,421313.2,199384.13,7915.44,73,17,2182,36,7852.26,9875
3/10/2023,It Services,South,68113.39,100589.35,48374.8,232,22,1445,1,104430.43,7772
1/21/2024,Logistics,South,304861.75,73686.35,61999.14,217,22,1752,12,49393.16,5087
2/25/2023,Manufacturing,South,571615.47,264204.25,91119,340,17,946,26,104638.09,450
6/26/2023,It Services,South,497192.2,200696,144723.53,512,15,2839,33,73261.71,2491
,Unknown,Unknown,290356.24,225803.86,29350.85,157,24,2833,29,55923.97,4177
9/2/2023,Manufacturing,North,546500.48,32541.07,127628.4,416,1,1389,0,60496.02,7564
7/12/2023,Retail,South,12069.44,159776.96,57723.89,18,,1546,16,76767.34,10007
1/21/2023,Logistics,North,42567.66,180540.77,197326.08,265,13,1546,48,36651.39,9352
8/14/2024,Unknown,West,101006.28,110918.03,80587.26,475,26,1885,6,0,1322
5/7/2024,Unknown,West,464549.71,233593.47,159224.48,46,,1473,20,5560.34,6648
6/13/2024,Unknown,South,325360.27,365280.46,183650.46,318,19,830,40,3832.22,303
10/5/2023,Unknown,South,24891.79,284340.81,180008.49,419,25,341,47,75569.54,3081
6/15/2024,Retail,South,489083.12,393054.51,37784.45,464,,611,4,114766.09,3458
11/21/2024,Manufacturing,East,207557.84,116478.85,26050.68,497,8,15,,94926.73,8118
,Unknown,West,369338,212386.21,15643.65,526,4,1546,48,80189.6,13362
9/15/2023,Retail,West,127414.51,172705.65,182849.48,58,14,96,8,73895.48,5174
4/25/2023,Retail,East,405259.18,199546.3,115226.34,551,0,973,24,72310.63,4524
,Unknown,South,130240.71,217512.11,137640.04,289,17,2186,39,72788.92,2412
10/25/2023,Unknown,East,325360.27,199546.3,51567.31,289,,827,28,107478.43,7772
9/26/2023,Logistics,Unknown,386229.86,364750.77,42826.72,419,9,1211,31,0,7664
4/28/2024,Unknown,Unknown,182758.1,302288.4,149449.59,370,24,2100,,106329.7,1028
4/2/2024,Logistics,North,413679.45,154194.23,55643.67,24,23,305,10,10448.07,13121
1/1/2023,It Services,East,47242.37,306514.93,102666.98,415,21,261,40,12169.14,9598
6/7/2024,It Services,North,445437.01,298989.24,150333.48,33,15,195,44,70969.72,11600
5/11/2024,Manufacturing,South,164562.69,264783.38,97228.98,13,,2717,21,70158.89,879
3/26/2024,Retail,Unknown,325360.27,22962.23,89524.59,570,0,2841,11,95271.62,6883
3/25/2023,Retail,South,338448.11,266906.24,34779.95,354,22,1148,,62586.22,4380
4/15/2023,Retail,Unknown,369485.63,199546.3,78500.19,419,,1620,26,25056.41,12003
,Retail,North,360966.51,193001.58,10448.24,356,,2628,27,97014.78,13434
7/1/2023,Retail,South,422630.64,68942.63,124064.07,134,29,695,39,87697.76,11748
9/9/2024,Manufacturing,East,325360.27,327826.84,192275.84,470,1,744,41,98043.46,6263
2/15/2023,Retail,Unknown,490448.92,199546.3,35091.83,193,3,2150,37,19835.57,9393
3/22/2024,Logistics,South,143974.91,252746.41,4854.99,528,29,289,30,3602.64,12697
2/11/2023,Manufacturing,North,410918.28,285169.27,8244.91,147,25,1546,26,97162.38,14320
8/18/2023,Unknown,North,4149.57,342511.22,84306.36,506,18,954,25,83867.31,14411
12/14/2023,It Services,East,307601.85,182189.71,61915,87,4,1476,39,57172.19,4545
1/27/2024,It Services,Unknown,203380.93,19711.39,152515.97,349,28,2190,24,71867.12,2768
7/7/2023,Retail,East,345251.49,61631.3,93165.64,302,12,1546,37,20301.18,11571
2/28/2024,Manufacturing,West,347838.14,91861.93,191547.82,60,8,103,47,19238.23,9204
1/12/2024,Unknown,South,231104.21,236248.1,150899.1,520,24,1754,34,55996.64,2051
,Retail,North,261014.7,229046.59,14108.95,343,28,2313,22,69339.67,10334
7/18/2024,Manufacturing,North,551789.42,38996.75,79634.2,289,9,2781,,11963.77,10168
,It Services,South,46077.12,318134.55,71339.97,548,22,2216,22,111271.73,2084
8/13/2024,Unknown,West,386886.49,332991.58,33742.3,313,2,2506,26,116515.58,1764
1/12/2024,It Services,North,559771.08,70522.18,61360.62,210,22,1546,6,118058.47,7772
10/19/2024,It Services,West,325360.27,290286.87,149001.83,351,3,2709,41,0,14051
11/26/2024,Unknown,East,357485.06,317348.22,97228.98,261,12,1322,36,71383.17,7772
1/30/2024,It Services,North,325360.27,318821.36,184418.19,376,,532,22,78246.23,14029
5/18/2024,Logistics,North,556319.39,362480.36,121208.7,501,9,928,22,99457.54,11616
9/12/2024,Logistics,West,356346.07,269001.31,129498.73,452,3,64,1,15271.65,7772
8/31/2023,Unknown,South,557497.24,159557.72,84184.08,203,20,1123,9,12261.09,11515
2/7/2024,Manufacturing,North,262039.25,199546.3,97228.98,360,15,2281,5,113939.48,6384
7/9/2023,Logistics,South,114885.18,54004.11,163130.94,431,4,2757,33,71953.82,1146
2/9/2023,Manufacturing,East,325360.27,327192.5,63248.33,591,0,254,25,111020.38,7772
8/14/2024,It Services,South,353578.07,144481.36,181033.61,292,17,1546,-1,28258.26,13926
6/7/2023,Manufacturing,West,327450.82,173776.65,195050.5,167,14,2692,,119693.11,9888
8/7/2023,Retail,West,573145.56,147473.34,29247.38,109,3,2939,3,45762.76,7772
5/20/2023,It Services,North,199837.79,150936.74,36158.1,571,7,2763,27,100228.77,5197
10/17/2024,Manufacturing,Unknown,211544.79,187108.79,97228.98,98,19,2331,27,98455.91,3380
3/9/2023,Unknown,East,479288.3,361074.26,97228.98,344,15,1811,3,76051,9152
7/18/2023,Retail,East,489659.46,167617.15,167476.35,475,10,1567,11,90670.2,9201
10/25/2023,Manufacturing,South,371298.81,122605.02,112219.04,186,23,1809,11,113430.33,4893
10/9/2024,Retail,Unknown,325360.27,199546.3,97228.98,572,13,2973,38,43369.81,9101
5/30/2023,Unknown,Unknown,341210.81,325923.69,191945.27,137,5,355,18,22838.71,8713
1/22/2023,Unknown,East,13691.66,199546.3,162135.68,483,27,1265,23,71778.43,8455
2/9/2023,Retail,Unknown,185615.87,317607.48,153950.16,589,15,574,29,3698.65,843
3/12/2023,Unknown,West,362402.02,392632.53,97228.98,565,10,2578,19,20753.93,7772
9/22/2023,Unknown,South,168009.7,168688.17,184025.86,249,,1853,31,106267.14,1843
4/25/2023,Logistics,Unknown,493664.85,239626.79,111317,111,8,559,35,63859.88,9715
7/27/2023,It Services,South,201840.4,28595.77,32753.36,224,18,1846,17,43428.05,14565
10/25/2024,Retail,South,100756.31,370609.84,23430.38,491,24,102,0,104556.83,7772
5/20/2023,Logistics,North,325360.27,139871.44,170555.7,517,3,2638,38,0,9350
5/20/2024,Logistics,North,325360.27,253306.53,37871.11,289,26,2950,,392.77,1766
12/6/2023,Retail,South,204685.94,180535.68,3372.72,460,,668,41,63153.83,13271
2/1/2023,Logistics,East,325360.27,199546.3,128202.21,373,17,1138,5,84276.47,11677
11/1/2023,It Services,West,214337.17,258733.43,81415.05,268,6,2857,22,23360.57,761
9/14/2023,It Services,South,164568.68,111927.07,94239.8,145,10,121,27,55000.47,9555
4/29/2024,Manufacturing,West,57653.17,159009.04,18920.99,229,9,1215,45,45035,10935
,It Services,South,519976.71,81999.94,69377.38,555,1,1954,0,36347.24,12207
2/13/2024,Retail,North,325360.27,199546.3,101668.78,332,4,2033,41,71151.85,9605
6/5/2024,Retail,Unknown,578373.13,170602.87,55200.59,230,25,2303,12,0,14126
10/14/2024,Retail,South,249738.56,53578.7,101534.25,503,14,493,32,97603.53,13338
9/23/2024,Manufacturing,South,452086.7,54430.1,115803.4,353,12,2400,-1,58330.55,14787
10/20/2024,It Services,North,190483.6,358721.37,80063.12,483,6,1546,39,18853.25,12007
6/8/2023,Logistics,West,559258.08,269515.61,144670.63,451,21,1979,2,23800.31,10694
10/18/2023,It Services,South,417617.25,199546.3,193171.91,509,11,2623,13,34747.85,3985
3/6/2024,Retail,Unknown,33742.19,322356.6,125305.94,63,10,1546,33,87050.97,4067
7/18/2023,Unknown,Unknown,207123.7,308642.05,154684.29,289,21,1816,41,68766.58,11135
,Logistics,East,252368.06,361338.43,29061.89,358,1,2359,40,17362.56,335
6/29/2024,Retail,East,253435.46,267340.93,178215.4,289,24,1546,18,79850.12,2313
7/8/2024,It Services,Unknown,168159.98,164475.6,138928.83,20,,1415,20,82106.98,3
5/1/2023,Unknown,Unknown,153276.94,306963.91,174448.48,167,,2860,18,7311.84,6495
9/10/2023,Unknown,North,433726.25,274675.65,66051.87,493,,313,9,1533.54,8209
6/9/2024,Logistics,East,325360.27,29507.57,93282.18,122,14,1869,37,89766.76,13854
3/2/2024,Retail,Unknown,441259.39,231948.03,89645.96,224,,130,11,48209.11,7772
8/24/2024,It Services,Unknown,68846.47,211653.73,43990.68,370,7,1112,28,52491.15,9162
10/24/2023,Unknown,North,558976.96,338302.02,130562.29,306,3,992,20,99893.18,1053
4/9/2023,Retail,North,325360.27,265757.05,55983.7,289,,2798,24,68409.66,5142
1/2/2023,Logistics,West,125671.81,58353.58,120919.75,195,25,1403,47,20363.75,7772
10/2/2024,Retail,South,168971.69,199546.3,41267.58,450,11,1996,31,108746.45,8935
7/13/2023,Unknown,North,208393.21,386075.64,97228.98,425,5,2684,-1,107027.44,11747
,Unknown,South,467435.73,213937.75,97501.93,109,28,1692,7,114719.3,7723
4/27/2023,It Services,South,253181.76,199546.3,69185.51,230,11,2261,,0,2196
12/13/2023,Manufacturing,East,400102.13,256180.11,198016.62,543,25,1679,20,70034.59,4969
8/30/2023,Unknown,North,325360.27,163439.6,117205.89,427,12,1848,43,92421.07,7772
9/13/2024,Unknown,Unknown,446819.37,66319.96,135407.58,262,13,2732,38,32454.47,9896
7/25/2023,Unknown,Unknown,20819.66,94716.99,40407.37,66,4,2765,13,95834.65,14126
5/1/2024,Manufacturing,East,382591.45,382275.35,170158.29,456,3,793,40,86372.86,6471
9/14/2024,It Services,South,516723.35,142742.18,196709.57,289,10,2947,22,58428.26,11070
5/26/2023,Unknown,North,284172.92,274961.45,67768.48,246,0,2805,29,80156,6604
2/1/2023,Retail,North,264351.89,199546.3,64921.6,289,1,631,28,55023.92,13559
4/21/2023,Manufacturing,East,325360.27,199546.3,134864.59,394,22,1713,25,113493.65,7772
10/19/2023,Manufacturing,North,499241.54,201374.71,97228.98,512,22,2107,9,104227.19,11152
1/24/2024,Unknown,East,415881.56,218695.45,62486.66,51,17,229,6,116147.06,8200
9/5/2024,Retail,North,199324.12,384733.39,26213.75,470,13,1345,43,32254.15,3722
6/9/2023,Manufacturing,North,280544.49,96403.07,27919.51,499,11,1546,15,0,13745
9/13/2023,Logistics,North,336930.97,199708.47,158100.01,412,4,1835,39,54839.26,2988
6/17/2024,Logistics,South,377281.84,361780.1,16739.85,280,,655,23,88482.17,7772
1/25/2023,Retail,East,484493.28,108359.87,150122.24,373,27,2147,5,82305.97,12105
,Logistics,East,268737.51,196007.15,13985.77,268,22,265,39,42098.56,11908
4/17/2023,Retail,South,453813.51,135184.91,63815.58,130,6,245,22,100684.02,13588
4/8/2023,Unknown,Unknown,325360.27,179368.39,45791.05,435,27,168,4,96157.36,4146
5/31/2023,Logistics,South,186227.29,162520.01,164677.3,221,,1735,,0,3000
2/24/2023,Manufacturing,South,542863.59,199546.3,163743.62,361,6,1317,,77623.58,12362
2/14/2024,Logistics,North,458118.94,98050.16,14798.69,289,14,1757,7,47533.96,5543
11/21/2023,It Services,East,454929.8,225376.95,34799.68,305,19,248,28,47079.92,7060
3/9/2023,Logistics,Unknown,455564.48,143079.72,69270.36,486,25,799,33,14943.05,3595
1/31/2024,It Services,South,474540.22,199546.3,150835.44,569,,1546,32,18077.04,14555
6/8/2024,Retail,West,32746.47,121015.68,97228.98,492,20,1626,44,75638.11,4240
3/24/2024,Manufacturing,West,207487.78,157661.11,10539.07,82,17,903,15,109506.58,13981
9/18/2023,Retail,East,119878.84,159740.54,97228.98,223,9,957,31,32018.81,7949
,Manufacturing,South,42030.14,91766.22,97228.98,408,6,2223,7,94230.54,14094
11/27/2023,Retail,North,583840.01,335783.09,190689.69,69,3,1954,7,87385.41,7473
3/16/2024,Logistics,North,508713.35,297926.09,73235.95,304,12,482,12,69046.89,11118
4/20/2024,Retail,Unknown,578620.48,294807.04,158684.9,179,29,1814,2,71878.65,6832
7/4/2024,Unknown,West,325360.27,126412.41,135129.27,289,17,309,29,54087.29,6972
8/27/2024,Unknown,South,475456.41,287047.51,40554.67,237,2,1086,-4,102175.67,7772
4/6/2023,Retail,South,274387.24,213473.37,103173.84,280,,1136,2,0,8142
8/14/2024,Retail,South,578925.89,14938.87,5990.93,144,24,2980,14,105360.47,1368
2/28/2023,Unknown,Unknown,39765.06,267117.8,82351.92,422,23,2387,,90639.07,14999
6/9/2023,Manufacturing,East,333046.51,321837.09,97228.98,200,25,2553,4,113414.29,8830
3/11/2023,Retail,Unknown,129306.47,184465.59,166599.53,122,15,1546,32,31542.06,6116
6/29/2023,Manufacturing,North,81320.29,246938.89,93920.61,184,2,36,12,26502.61,12566
12/31/2023,Manufacturing,East,282851.93,109948.88,86543.32,289,8,40,25,16705.53,7940
5/1/2023,Unknown,West,427286.32,71871.77,9489.66,20,12,2405,46,30153.34,696
8/27/2023,It Services,West,152655.77,138838.3,108550.71,289,4,1367,44,118621.34,8529
10/21/2023,Retail,North,582914.08,210515.11,81782.31,93,3,2350,40,60787.71,12477
7/11/2024,Manufacturing,North,383789.97,75928.81,21841.82,334,,258,39,0,758
1/25/2023,Unknown,Unknown,28430.63,19907.52,159205.65,376,6,1546,45,0,6608
6/6/2023,Unknown,North,114628.09,377562.41,77187.68,355,14,1125,35,15655.37,12707
4/7/2023,Logistics,North,368165.41,212109.15,179107.99,289,15,78,0,75475.97,2257
10/21/2023,It Services,West,248456.33,281239.08,142429.9,115,18,2529,38,114809.57,14354
3/27/2023,Manufacturing,East,236113.16,240100.7,81379.54,365,1,2885,33,4506.03,613
8/16/2023,Logistics,East,60669.58,225486.61,68057.67,289,16,1107,6,0,8190
10/7/2023,Logistics,North,524444.34,325186.44,45389.34,573,25,1546,27,28165.34,9967
10/6/2023,Unknown,South,1611.21,43869.71,13367.52,60,18,762,,62849.59,6792
7/29/2024,Unknown,Unknown,140929.05,380727.12,30925.24,382,1,2786,0,80442.97,3371
,Retail,North,280739.58,100703.33,4704.33,290,12,2233,1,17364.35,13014
6/15/2024,Retail,South,578147.63,327539.28,30162.3,182,24,2000,1,0,13173
4/3/2023,Logistics,East,448636.19,323031.57,145274.81,218,6,1943,20,78355.31,27
5/21/2024,It Services,Unknown,467447.03,203360.42,96956.03,50,,2508,3,36999.54,3085
5/1/2023,Manufacturing,North,213376.27,258133.86,42396.92,186,17,897,26,22373.37,13301
11/11/2023,Retail,West,383446.32,103862.99,75247.33,289,,2647,,48517.76,4440
11/18/2024,Retail,South,332580.64,300069.22,91722.61,286,0,817,36,11156.59,4757
7/11/2024,It Services,West,427697.5,149762.6,141269.76,160,16,2991,5,72691.15,5760
8/24/2024,Retail,North,549098.43,137709.78,77356.99,289,9,2789,37,95762.99,12595
2/15/2024,Logistics,Unknown,240263.75,97674.56,102053.09,289,20,1798,17,72903.29,11199
,Retail,East,232784.93,295630.72,64920.57,223,25,2265,8,98254.5,7572
3/18/2024,Unknown,South,108628.86,206681.82,54187.01,289,9,590,-5,42810.24,6187
6/24/2024,Retail,South,289821.18,337351.58,143317.55,27,15,1298,18,0,10523
,Retail,East,538855.67,242283.45,115870.32,91,,92,5,105031.43,5773
6/9/2023,It Services,East,353711.07,253056.19,95884.84,51,17,477,10,0,9276
2/7/2024,It Services,East,325360.27,353876.68,177034.72,533,21,2998,31,54737.41,13495
5/29/2023,Retail,South,198783.01,236054.54,153007.13,497,2,2170,36,30656.48,6662
11/29/2024,Unknown,Unknown,325360.27,4642.05,101552.92,511,3,2555,-3,16989.77,2405
4/4/2023,It Services,North,325360.27,50502.34,129411.78,350,9,936,21,35027.21,2052
8/30/2024,Logistics,South,399411.2,350067.8,36142.54,289,5,179,2,11215.48,6359
,Retail,West,245436.15,257359.65,138413.03,159,,1450,9,104485.71,10652
8/9/2023,Unknown,Unknown,476853.51,192490.3,27142.61,84,15,2731,14,78397.02,9086
2/24/2024,Unknown,North,254267.7,79447.4,26933.39,289,13,2018,,26423.01,13493
4/3/2024,Unknown,East,325360.27,294760.99,188073.25,229,,248,9,80014.73,10114
7/5/2024,Unknown,South,87264.95,176344.68,24398,133,18,1177,39,34319.75,7335
6/23/2023,Logistics,North,88980.89,387054.33,32970.23,525,4,152,41,46270.03,14843
11/9/2023,Retail,West,130328.43,259656.24,110637.89,439,19,2693,23,59313.9,7058
9/21/2024,Retail,Unknown,313112.43,199546.3,121130.82,248,2,731,4,2239.44,1875
8/8/2024,Unknown,West,130361.88,378073.56,183021.14,429,0,683,14,52983.61,3946
9/12/2024,Retail,East,325360.27,247407.75,172128.2,422,1,1511,23,21124.27,7772
8/17/2023,Unknown,West,298110.3,9209.88,127476.29,137,24,1440,38,53667.79,14473
3/5/2024,Logistics,West,563783.32,329111.39,86734.25,169,25,877,24,51093.63,1962
2/13/2023,Retail,West,56789.34,62174.45,16059.49,289,26,1926,22,70491.35,5790
8/31/2024,Logistics,South,468839.92,199546.3,97228.98,582,9,234,29,67571.43,2799
3/2/2024,Unknown,North,454116.52,190547.96,20205.47,158,9,2727,18,0,7772
3/15/2024,Unknown,North,351180.75,202951.39,127232.07,433,4,2924,37,23055.15,13716
3/15/2023,It Services,South,568103.7,326187.02,167215.29,9,7,717,21,72973.49,7442
9/7/2023,Unknown,Unknown,300764.25,265016.91,168554.79,316,9,1336,-5,89359.23,8272
10/25/2024,Retail,West,596533.67,52700.93,161891.16,316,20,1874,16,64854.97,9470
1/28/2024,Retail,Unknown,174254.59,327509.15,188108.72,530,28,2288,17,68225.77,8806
6/28/2023,It Services,Unknown,513885.1,215895.29,154737.3,348,0,1801,26,81078.03,7772
4/15/2024,Retail,South,495970.25,92435.06,157015.63,202,17,791,3,52566.33,9314
5/25/2024,Manufacturing,South,325360.27,96723.74,183420.34,216,,703,14,86286.92,10778
9/27/2024,Retail,West,400915.8,100847.24,97228.98,190,21,465,22,109416.92,7413
7/29/2023,Retail,West,3778.11,140031.34,161054.03,198,,15,,118421.99,8061
,Retail,West,4940.82,134454.32,164257.12,289,10,1316,,118169.96,13855
5/28/2024,Unknown,South,20586.15,114047.22,22209.5,362,4,819,23,110608.81,1640
9/24/2024,Unknown,North,299882.45,352088.9,182121.77,289,26,1546,44,99189,10699
11/14/2024,Retail,South,325360.27,285577.3,97228.98,289,,1546,1,0,5238
10/7/2023,Unknown,West,539033.76,107916.73,168552.94,201,2,2599,-5,77949.28,12384
1/7/2024,Manufacturing,East,408957.35,143341.34,142989.9,424,1,1950,-1,43778.45,11553
12/25/2023,Retail,Unknown,42276.03,13920.08,6659.62,156,28,1349,2,103141.73,4148
7/22/2023,Unknown,South,306704.91,357902.88,198602.3,129,28,2061,43,111387.41,12735
2/14/2023,Manufacturing,East,32101.3,201256.21,97228.98,591,5,2965,28,75211.63,7772
5/29/2024,Unknown,North,218586.8,323895.06,112191.09,289,1,2100,45,118235.57,5035
7/30/2023,Retail,North,348995.52,129602.05,68663.86,289,11,138,24,45948.2,8251
12/13/2023,Retail,East,105672.62,124080.18,155350.87,227,18,556,48,108475.1,11274
11/24/2023,Unknown,North,181988.26,339052.57,167076.54,22,10,2611,48,5457.58,10990
5/22/2023,Unknown,East,7456.08,184170.89,164710.55,65,20,911,9,75259.25,13537
6/15/2023,Retail,Unknown,251500.64,198255.88,196466.82,88,27,733,14,11195.73,13794
6/30/2023,Retail,East,585397.59,31507.91,71066.96,364,5,1,,58189.12,5945
7/14/2023,It Services,South,183701.03,42613.17,156648.3,289,,675,3,12195.12,490
4/14/2023,Unknown,East,325360.27,199546.3,147036.21,142,,2401,22,113272.79,9486
3/27/2023,Unknown,South,210871.75,119892.21,97228.98,3,,2471,7,90346.11,7772
6/15/2023,Unknown,South,347248.74,196606.53,36580.08,1,,416,30,107783.48,4659
2/14/2024,Retail,North,559454.03,232496.04,41895.46,145,1,500,27,0,12845
1/18/2024,Logistics,Unknown,342150.32,267964.83,110514.31,482,29,1742,,38020.63,10446
,It Services,North,395258.52,236317.71,166463.35,327,12,2298,22,0,4429
6/12/2024,Logistics,North,346866.82,92085.05,136708.25,117,22,2855,36,35902.22,2249
11/6/2023,Logistics,East,325360.27,323592.58,39864.11,248,26,1872,11,8884.01,9742
6/24/2024,It Services,South,165442.99,255175.04,187396.85,55,4,368,-2,63579.28,8214
12/3/2023,Unknown,South,395269.14,91968.13,127438.11,274,,2478,13,35100.97,7955
8/9/2023,Retail,North,325360.27,97705.32,95802.15,289,,1742,32,73842.42,2355
5/11/2024,Logistics,North,155229.71,36055.15,48451.08,47,8,1727,-1,25594.48,2155
8/18/2024,Logistics,West,49554.25,257041.51,14958.1,322,18,2254,42,70534.22,6951
11/23/2024,Retail,North,370708.24,199546.3,97228.98,51,4,1546,,84637.35,5355
8/7/2024,Retail,East,325360.27,111401.5,143004.35,576,3,1140,35,87366.09,7772
11/29/2024,Retail,South,361351.2,257274.24,135470.92,289,27,1683,42,56155.56,13949
8/17/2023,Retail,Unknown,325360.27,358466.69,133117.45,409,25,2668,28,40288.15,899
7/4/2023,Retail,North,563190.9,129374.66,21583.18,281,25,1231,-2,43731.7,615
5/2/2024,Retail,South,325360.27,324493.64,28625.21,200,1,1916,16,90161.9,3372
,Retail,West,476659.53,199546.3,188072.57,284,14,984,20,15018.15,3032
3/13/2023,Retail,North,231358.19,165633.6,90269.59,7,,532,44,56452.77,14081
5/30/2023,Unknown,South,180001.96,146522.19,41618.75,251,1,1601,8,68100.88,9269
10/30/2023,Retail,North,366724.08,325686.22,97228.98,198,27,2778,22,115114.55,7772
6/13/2023,Logistics,South,14374.74,354122.24,176243.28,61,,680,33,21627.37,9073
7/31/2024,Unknown,Unknown,201462.37,42519.75,9047.19,289,27,2888,44,49178.78,821
11/29/2024,Unknown,South,325360.27,221027.35,114792.1,529,28,2556,18,107168,4196
10/19/2023,Unknown,South,408005.36,269595.6,41978.63,279,5,2180,8,119299.89,9141
6/9/2023,Retail,North,397387.07,199546.3,123670.26,501,15,828,38,41116.79,9236
11/28/2023,Retail,North,162499.98,251484.22,83689.94,108,24,984,-4,64805.6,10037
11/10/2023,Retail,North,402177.75,63471.34,98878.27,405,16,136,5,113763.85,6442
3/16/2024,Retail,South,494127.65,372057.54,199624.51,320,19,1546,43,102106.23,430
2/27/2024,Retail,Unknown,348245.32,64776.01,143525.07,60,16,1546,16,104174.53,14612
7/3/2023,Manufacturing,Unknown,203366.03,370386.04,169232.05,234,6,1479,26,23459.96,7438
3/11/2024,Manufacturing,North,270260.93,199546.3,42561.83,27,,1652,16,15697.85,3669
11/19/2023,Logistics,South,474183.27,201505.54,70475.24,214,5,1732,2,58549.85,9347
3/13/2023,Logistics,North,325360.27,133519.92,119417.91,69,11,1423,24,0,11032
11/30/2024,Logistics,North,104793.11,343246.31,48471.02,503,13,698,9,60603.19,4321
9/9/2023,Retail,North,526128.65,367560.17,76421.7,41,29,1546,38,33974.27,8294
5/14/2023,It Services,North,319820.96,199546.3,107641.64,417,,272,8,7976.2,4302
4/6/2024,Unknown,North,473486.19,199546.3,106018.68,256,2,2604,16,8701.9,2681
2/28/2024,Unknown,Unknown,198093.76,111148.05,138703.51,495,20,2827,34,18741.24,6197
4/23/2023,Retail,South,132092.33,102101.7,92279.33,289,29,318,4,13274.44,7772
7/14/2023,Unknown,East,325360.27,176569.25,180424.66,289,1,319,0,51219.95,14089
7/21/2024,It Services,North,303402.37,308138.34,130100.84,422,22,2953,27,0,9787
7/15/2024,It Services,South,259044.53,397761.45,13712.09,467,16,34,7,61415.5,7772
10/17/2023,Logistics,North,213252.43,241971.81,138764.35,263,29,1750,5,71453.43,9228
7/29/2023,It Services,Unknown,27602.1,117675.99,145155.33,166,0,1545,44,45220.75,1888
9/22/2024,Retail,South,176728.95,199546.3,97228.98,403,10,639,20,46512.9,3653
8/14/2024,It Services,North,147301.89,351148.42,125145.1,448,19,761,39,51309.46,3350
8/22/2024,It Services,North,8081.61,218926.15,132351.43,429,20,2331,36,52171.36,8210
7/6/2023,It Services,North,510127.53,282504.33,12865.31,118,4,1519,-2,19683.22,801
6/29/2024,Unknown,West,353293.7,289382.56,66824.64,476,19,1546,39,76845.47,12525
6/19/2024,It Services,North,79542.4,270860.28,175558.49,245,20,1280,12,0,7772
6/16/2023,Logistics,West,325360.27,16219.24,55229.9,162,23,1824,,76410.17,10800
12/15/2023,Manufacturing,North,431773.38,272679.39,186677.54,513,2,2062,13,112617.27,2766
10/23/2024,Logistics,South,415017.41,199546.3,53399.69,116,,1456,8,118023.79,12761
1/2/2024,Unknown,North,43270.89,98384.31,138569.14,231,1,2097,33,71863.1,14587
3/24/2023,Manufacturing,South,592866,159407.38,64153.28,304,11,2432,16,102423.79,7012
9/1/2024,Retail,East,534900.65,139752.21,191269.86,210,,2402,22,0,7772
6/5/2023,It Services,East,542710.12,38456.36,97228.98,248,,148,21,51237.78,8190
6/22/2024,Manufacturing,West,370953.21,327494.69,101198.69,251,,645,8,115892.15,9322
2/4/2023,Unknown,Unknown,352131.76,189068.62,119371.03,61,5,1084,-2,112470.44,10101
3/3/2023,Logistics,West,325360.27,45112.04,42696.4,321,4,1900,18,51916.16,7772
10/14/2024,Unknown,East,502858.83,323383.34,163585.35,487,22,1544,46,44905.52,10766
9/2/2023,Unknown,West,467564.93,55870.52,91397.88,555,9,19,,59846.74,14606
10/25/2024,Manufacturing,North,214876.66,354055.55,47127.27,215,6,2144,27,26004.85,10686
10/20/2024,Retail,West,325360.27,199546.3,85346.09,275,1,249,-4,113797.8,14486
8/27/2024,Unknown,Unknown,528694.25,175098.33,174156.04,453,8,2519,23,27950.31,7836
11/22/2024,Retail,North,252210.87,37699.94,89416.16,376,1,933,20,78884.19,5693
9/10/2023,Logistics,North,325360.27,331663.25,103060.73,265,9,1177,-1,76849.21,6600
7/11/2024,Logistics,East,12241.32,375716.28,84589.82,289,9,1664,28,119012.75,7772
11/22/2024,Retail,East,316427.6,353935.8,34428.22,442,16,2667,40,60938.29,6168
9/5/2023,Retail,Unknown,208454.17,59736.15,64065.07,221,20,995,5,46365.13,1675
2/21/2024,It Services,West,517798.12,168329.89,97228.98,240,28,2868,32,0,13261
,Unknown,South,58231.31,173172.37,16627.2,281,18,2761,45,6343.56,8028
4/13/2024,Retail,North,381335.61,179258.64,164280.67,242,19,1951,7,26992.82,12821
7/24/2023,Unknown,North,312015.91,252278.11,6112.37,3,,17,5,73686.36,6778
6/28/2023,Retail,South,528490.19,282481.05,45560.04,356,0,2892,34,0,11485
7/14/2023,Manufacturing,Unknown,503799.11,215472.27,62886.68,263,5,966,21,35850.03,2971
2/19/2023,Unknown,North,239542.72,6327.76,139508.55,106,20,1174,9,44895.88,10196
10/2/2023,It Services,North,74222.27,200760.89,98629.08,324,,1113,1,95037.48,4146
8/6/2024,Retail,South,580726.5,339181.27,10505.4,185,18,208,19,59899.69,6119
2/21/2023,Logistics,West,280375.68,132092.96,188521.45,114,23,870,12,51580,1249
1/7/2024,Unknown,East,488563.92,277703.72,48837.84,63,,1126,29,49109.17,3829
3/27/2024,Logistics,East,449539.33,58506.96,54835.61,509,7,2930,45,50182.92,1884
7/5/2023,It Services,Unknown,582880.38,6195.68,145603.98,281,7,1750,46,13714.93,9743
4/18/2024,Manufacturing,North,325360.27,199546.3,139818.71,468,2,2647,24,7137.39,900
,Retail,South,412458.36,318144.44,56319.02,515,16,1084,2,99827.87,3344
6/14/2023,Retail,Unknown,533361.38,253315.01,128992.52,49,13,2633,34,62242.5,2288
8/11/2024,It Services,South,370868.92,239418.44,97228.98,500,,2869,19,65054.32,4410
10/18/2023,Manufacturing,West,499494.28,262552.46,193597.85,82,18,1441,27,64616.59,103
6/17/2024,Unknown,North,402369.54,199546.3,183730.68,172,24,2937,35,33632.34,3812
8/18/2023,Logistics,North,50529.06,199546.3,74719.12,422,9,1897,,103883.37,12740
6/8/2024,Retail,South,325360.27,50060.1,10364.75,340,26,370,40,29314.8,5080
7/18/2024,Retail,Unknown,325360.27,369942.79,1371.19,213,11,995,28,87792.96,7772
2/4/2024,Retail,West,352609.47,124613.99,83203.48,530,8,1784,48,0,10215
2/15/2023,Retail,South,356720.45,54931.68,19089.35,345,7,21,,44490.02,180
7/26/2024,Retail,East,260161.82,42711.72,34587.69,39,,1546,44,3807.98,11195
9/5/2024,Unknown,East,472317.86,391841.86,3748.52,568,,2521,32,85562.85,9993
3/27/2024,Unknown,South,276629.14,328544.8,108882.4,116,23,2184,-5,6687.15,12846
7/24/2023,Retail,South,146697.04,97862.21,88589.27,341,3,2685,19,258.92,13196
,Manufacturing,East,325360.27,19928.04,195851,575,,165,34,115687.18,1915
10/8/2023,Logistics,East,9896.68,13957.21,97228.98,256,17,944,44,107350.91,1486
2/19/2024,Retail,West,158033.99,233189.75,178167.95,212,22,2660,48,0,1945
1/10/2024,Logistics,Unknown,421993,102285.46,97228.98,544,8,1658,14,43294.08,7812
5/11/2024,Unknown,South,325360.27,86384.77,54633.52,526,0,1546,20,92733.67,11325
11/23/2023,Retail,South,107459.17,285558.57,55927.87,193,18,1532,45,78743.01,5320
3/17/2024,It Services,West,325360.27,319191.15,69194.88,33,22,1546,13,0,5455
4/22/2024,Retail,West,131971.6,189790.95,46949.4,573,18,1516,6,73135.54,11807
5/4/2024,Unknown,South,325360.27,187702.6,1310.87,341,12,2970,-5,1240.41,11665
6/11/2023,It Services,Unknown,180859.86,23775.24,100485.4,538,24,415,17,89173.48,12769
11/8/2024,Retail,North,333607.28,106171.29,85410.13,289,14,305,24,72277,2864
7/7/2024,Manufacturing,South,473052.58,101539.84,186037.13,82,29,1546,-1,101199.01,5918
9/21/2023,Unknown,North,325360.27,110476.21,46805.42,225,28,2875,46,18417.43,4805
,Unknown,North,582959.98,382769.13,168998.16,98,3,2624,2,119689.02,14803
5/3/2024,It Services,Unknown,548676.39,227474.36,71037.94,288,3,600,46,9703.24,13212
2/7/2023,Logistics,North,250862.65,337507.22,98777.97,340,14,723,27,77900.2,942
3/11/2024,Unknown,West,325360.27,199546.3,47126.46,144,16,2667,31,0,2439
,Retail,North,325360.27,171245.1,40712.45,404,22,492,49,11303.11,9264
5/14/2024,Logistics,North,260155.31,350269.88,146086.55,550,8,386,11,106212.34,1430
2/5/2023,Unknown,North,51978.59,92331.8,97228.98,192,2,1546,15,71201.15,255
10/26/2023,Unknown,Unknown,325360.27,395965.64,165345.57,73,15,83,18,49032.56,7398
9/21/2024,Unknown,Unknown,587991.68,247448.79,120519.89,480,24,2631,30,87049.16,138
8/28/2024,Logistics,North,321976.87,178472.07,112724.14,107,2,623,,113514.05,1427
12/31/2023,Retail,West,118408.43,153545.11,81208.37,426,,2463,32,60944.79,3679
4/15/2024,Retail,West,3961.54,92527.67,2145.12,410,,2155,20,0,12485
10/16/2023,Unknown,West,451648.8,229658.54,91331.2,162,27,2649,32,10174.72,13202
11/26/2024,Logistics,North,463174.28,317880.85,104444.9,530,8,2716,-1,78191.11,8470
4/10/2024,Unknown,South,98638.39,265183.57,96168.12,412,24,1973,21,96000.65,8227
,Retail,North,351732.74,199546.3,146583.95,32,2,1630,8,73979.19,9873
11/19/2024,Retail,South,347002.94,301597.61,10582.15,101,,1676,5,0,6732
1/30/2023,Unknown,North,429508.23,287340.45,100349.85,67,1,1114,32,4320.64,7321
10/11/2023,Retail,West,316948.31,260869.66,95269.26,254,3,2553,31,68682.98,8456
1/27/2023,Unknown,Unknown,381952.51,199546.3,97228.98,371,29,1796,27,71146.92,13117
1/11/2024,Logistics,North,477362.98,337344.05,97228.98,301,6,1236,-2,15409.13,5807
9/18/2024,It Services,South,285004.48,192356.88,68168.24,330,17,2598,4,100964.88,7268
11/6/2023,It Services,East,461123.93,99433.54,122567.18,289,18,513,42,37752.21,12481
4/17/2023,Retail,West,519768.42,267974.44,25620.49,566,1,844,45,38795.64,7765
10/9/2024,Logistics,North,552567.24,213845.18,49702.44,66,,2304,-2,49980.94,6709
4/10/2024,Retail,South,198075.14,145697.59,40496.18,499,2,690,4,18779.11,2339
2/21/2023,Unknown,East,283723.73,173500.91,74670.87,147,27,2712,22,107119.84,11631
8/5/2023,Unknown,West,599828.02,65189.32,185542.03,503,3,68,,42364.63,6076
12/11/2023,It Services,South,474001.33,395802.4,194197.98,253,,466,-2,98687.76,7772
7/17/2024,Retail,North,13330.03,136440.22,179313.46,193,8,1818,45,0,13460
9/19/2024,It Services,North,28171.51,265593.41,120280.02,127,,200,34,45525.65,1209
8/16/2024,Retail,East,355547.83,216063.2,119632.45,313,0,705,3,26772.29,2462
4/2/2023,Manufacturing,Unknown,561885.19,151683.74,33263.87,289,1,1642,19,109553.32,11169
5/16/2023,It Services,South,325360.27,276466.87,165348.21,348,21,600,31,112255.95,5732
,Manufacturing,East,198873.72,279915.84,97228.98,89,12,1670,19,108884.16,6667
1/30/2023,Unknown,Unknown,492058.71,298191.72,34381.84,147,9,807,10,101741.54,7123
10/5/2023,Unknown,East,270796.3,122553.37,106961.49,289,3,380,29,81483.74,7772
7/6/2023,Unknown,South,261252.02,241313.54,97228.98,13,3,1936,,47529.31,7668
8/14/2024,Retail,South,473613.71,354590.28,161630.2,374,18,145,39,24774.78,5051
8/16/2023,Logistics,Unknown,343565.47,373793,29856.13,117,14,2917,41,26423.16,731
6/28/2024,Unknown,South,436063,337318.07,2349.71,289,14,1546,-3,0,823
5/8/2023,Retail,North,503372.02,352973.65,122545.65,415,20,2115,31,84265.82,3509
6/27/2024,Manufacturing,South,548372.07,186777.91,58853.2,398,3,2104,-5,84565.3,14077
3/3/2023,Manufacturing,North,206796.69,12958.41,35389.45,394,21,223,0,87788.84,13955
11/29/2024,Logistics,South,515320.94,49531.59,67707.24,359,6,2463,0,43861.72,1431
1/10/2024,Manufacturing,South,232643.34,214287.98,110045.68,185,20,2591,10,84345.08,3133
7/10/2024,Retail,East,399794.19,157631.57,130461.72,528,11,503,44,2700.12,4992
,Unknown,South,111075.8,6250.51,97228.98,596,13,1859,45,0,7113
3/16/2024,Retail,South,173198.27,133689.82,97228.98,427,25,2506,23,58324.53,11884
6/25/2023,Logistics,Unknown,488738.07,383698.9,35127.97,200,4,1982,-5,95274.96,9681
11/25/2024,Retail,West,417497,83851.06,150713.7,540,4,362,44,87285.82,9776
1/20/2024,Unknown,East,533340.79,362053.98,167982.75,132,14,2758,1,13251.86,13486
8/9/2023,Logistics,Unknown,309961.42,40714.88,12724.71,289,6,2631,12,8361.99,3629
11/26/2024,Unknown,South,415278.29,354841.05,123086.46,254,9,1976,32,81988.94,14090
9/24/2024,Unknown,North,66196.23,199546.3,193674.89,31,17,2146,49,119211.2,14700
6/15/2023,Unknown,North,575506.35,148051.38,42502.61,289,15,2073,38,24982.86,7070
,Retail,Unknown,511051.79,397531.69,49475.68,363,,2002,5,21916.46,1707
3/13/2024,Retail,Unknown,9333.55,238050.24,69014.58,286,12,2896,11,65847.58,2997
5/19/2023,Unknown,North,59541.94,191620.47,156604.96,290,15,200,22,0,3510
4/7/2024,Logistics,South,219101.25,134052.14,58049.23,407,,180,4,63225.04,10528
9/25/2023,Retail,South,538350.99,360063.36,115383.15,482,20,272,19,47103.28,14893
11/25/2023,Retail,East,325360.27,179634.98,167023.02,198,23,1547,-3,99628.01,9504
3/11/2023,Retail,South,282766.86,274194.3,38815.76,467,4,737,2,35577.51,5325
6/9/2023,It Services,South,488601.72,193798.79,97228.98,590,,1546,34,60694.75,4870
11/9/2023,Logistics,South,301357.94,44579.05,70073.07,144,29,1077,11,37800.73,5211
7/16/2023,Unknown,Unknown,382823.97,199546.3,1116.72,318,22,2436,35,54946.93,5843
1/11/2024,Retail,South,249526.85,313302.6,131718.36,241,,1722,39,0,8663
8/9/2024,Unknown,North,325360.27,334543.42,24778.24,229,3,1546,33,80523.38,10929
9/15/2024,Retail,South,167852.59,67433.55,183175.41,431,11,221,46,65802.37,2890
,Retail,South,325360.27,150722.38,84140.8,524,,1143,36,15239.51,5834
2/22/2023,Retail,South,291778.98,239935.38,22235,537,,1546,48,77931.99,7772
8/29/2024,Manufacturing,West,565420.98,139882.21,193433.55,471,4,607,42,36674.16,7616
1/28/2023,Logistics,South,436764.95,147452.39,81675.47,35,16,968,21,30365.27,7772
3/13/2024,Retail,South,161595.08,211797.42,12751.19,365,13,482,42,13327.07,722
3/14/2023,Unknown,West,540873.8,99068.15,115139.3,10,,2756,7,78700.21,9465
4/20/2023,Manufacturing,Unknown,178476.22,175881.55,128491.67,428,28,781,-1,117666.28,14250
,Manufacturing,West,41923.23,179800.85,37591.08,289,21,851,9,66866.28,4399
1/14/2023,Retail,West,251193.7,43450.49,108833.41,66,28,2118,36,14049.7,7058
6/17/2024,Unknown,North,435322.72,58567.66,88641.62,86,21,559,24,1501.49,14028
10/12/2023,Logistics,North,353892.06,238331,87129.31,237,16,1546,1,95327.94,9857
9/4/2023,Retail,West,464905.47,323969.01,125265.16,487,,1612,6,104412.88,12490
6/19/2024,Unknown,South,65144.21,94750.35,7387.76,445,,1583,40,65420.28,1586
3/1/2024,Manufacturing,South,86230.7,36196.51,131626.85,403,15,1931,49,2482.55,10281
9/26/2023,Unknown,South,127129.89,123129.48,123017.07,461,5,533,26,105852.12,5916
4/4/2023,Manufacturing,Unknown,384295.76,396749.34,21014.44,389,12,548,7,13428.05,5676
6/11/2024,Unknown,North,325360.27,284851.46,22810.54,99,8,1089,-2,44712.2,13549
11/23/2024,Retail,Unknown,504675.42,33133.03,7260.37,289,11,2743,48,114915.71,10678
12/25/2023,Retail,North,463664.35,207973.2,184680.27,104,4,2828,23,56614.45,7983
7/27/2024,Logistics,North,170949.39,229680.33,145873.24,289,25,649,39,6483.15,8561
3/14/2023,It Services,South,536779.8,348973.28,105232.17,395,2,1546,3,90123.96,12474
6/15/2023,Manufacturing,West,18141.29,199546.3,191786.06,96,15,538,13,93142.82,8682
,Retail,South,2086.31,233434.11,126228.89,332,22,2290,,116191.02,6714
11/1/2024,Manufacturing,South,551381.34,392006.43,164433.43,287,26,1103,8,47108.67,9314
6/1/2023,Retail,North,325360.27,199546.3,129881.44,289,3,2354,38,72137.32,13520
1/5/2023,Unknown,South,505867.64,224156.33,149965.84,569,,1546,39,82935.83,10965
10/5/2024,Manufacturing,South,563396.5,142363.76,165256.82,335,12,2280,38,56018.91,11167
2/20/2023,Unknown,South,504131.03,171057.06,87572.89,289,,477,48,94566.26,7513
5/20/2023,Unknown,North,508660.73,199546.3,132523.44,199,14,2846,29,119904.51,14491
10/1/2024,Retail,Unknown,59707.89,238861.08,97228.98,304,9,1742,12,106341.2,689
5/11/2024,Unknown,North,534652.02,40448.43,194635.11,289,,721,48,67170.47,4863
12/20/2023,Manufacturing,South,576540.39,28956.05,61083.93,62,26,222,30,80967.62,14227
10/3/2023,Manufacturing,Unknown,248471.15,115510.42,176868.13,431,23,1546,40,22171,10603
11/6/2024,Manufacturing,East,159857.37,73023.97,133458.23,289,9,740,6,1250.31,5295
,Logistics,South,181756.98,34848.23,47577.58,289,16,555,,78679.69,13828
9/3/2024,It Services,West,598298.41,199546.3,79748.83,289,23,2033,35,75830.27,1023
1/6/2023,It Services,South,49261.35,350132.12,69921.32,484,,2462,7,0,2759
9/17/2024,Logistics,North,325360.27,47163.73,97228.98,299,16,51,14,67003.88,13076
7/3/2024,It Services,South,206561.23,366184.26,151254.8,89,1,2243,9,66877.54,11618
3/30/2024,Logistics,South,165592.82,244984.1,118955.4,220,19,583,13,119348.52,7428
6/14/2024,Retail,Unknown,279690.61,65090.16,39127.28,406,7,478,40,49498.32,655
,It Services,North,56002.57,101040,127491.02,289,26,529,34,90451.75,925
2/13/2024,Unknown,North,452455.84,89139.46,60900.94,575,1,1546,,105222.61,3110
6/12/2023,Retail,North,46098.73,60543.6,32867.96,370,29,2376,24,11629.08,12962
,Unknown,South,27337.18,111669.54,165272.63,372,21,1772,31,105867.16,14991
4/13/2023,Retail,South,484896.82,260171.09,182415.81,190,21,1896,39,900.06,6673
5/21/2023,Unknown,Unknown,482630.23,131935.73,74750.27,159,24,691,4,109559.01,9907
6/12/2024,Manufacturing,North,210212.83,265047.38,156911.88,493,20,1546,18,66114.09,11347
6/20/2024,Manufacturing,South,512053.66,71377.79,148842.98,413,25,120,0,119285.7,7939
8/8/2024,It Services,South,578588.55,33307.55,176005.67,76,4,2969,,56875.3,6082
,Retail,West,333223.24,38900.26,4467.5,125,3,1295,19,31622.72,11742
3/19/2023,Manufacturing,North,553166.71,134347.17,16563.77,410,,1984,39,77792.01,7772
7/17/2023,Retail,North,325360.27,151478.69,88166.83,135,1,2570,21,67816.18,7772
9/19/2024,It Services,Unknown,319875.97,352620.48,118996.8,534,2,1546,25,55132.8,7670
10/10/2024,Manufacturing,West,373738.81,52507.52,103134.34,578,21,2451,-4,16523.5,7504
6/16/2023,Retail,Unknown,224254.19,119316.31,18799.78,189,19,2355,23,12859.21,242
7/13/2023,Unknown,Unknown,26998.15,22804.85,97228.98,428,1,1356,43,24695.11,4812
1/14/2024,Logistics,North,357402.82,204711.6,165602.72,289,,371,14,96618.4,4460
4/15/2024,It Services,Unknown,325360.27,98701.2,105016.32,25,12,241,4,52136.85,57
10/8/2024,Unknown,Unknown,445086.29,214851.53,110163.18,483,17,1189,,18512.98,4204
6/20/2024,Manufacturing,West,345662.56,343507.85,174611.34,297,19,154,14,96329.37,6732
10/27/2023,Manufacturing,Unknown,181140.41,44621.66,77538.67,216,,1546,35,7314.73,11685
1/3/2024,Retail,North,441883.84,48419.39,139196.57,270,17,1120,1,88974.13,9970
2/1/2023,Logistics,East,218660.39,199546.3,79899.73,464,,2993,16,2909.66,11481
4/19/2023,Manufacturing,West,499491.06,266197.78,70188.91,337,1,2079,,27546.53,1722
6/29/2023,Retail,South,148087.01,148052.15,85499.39,243,7,122,26,48709.54,5881
3/3/2023,Retail,Unknown,297926.01,199546.3,16526.46,472,17,14,,47484.67,14850
11/21/2024,Manufacturing,North,13310.53,199546.3,83055.34,107,20,169,-3,20442.7,11021
8/25/2023,Manufacturing,North,25824.27,263825.31,43296.75,521,24,244,21,6253.49,5817
2/27/2024,Manufacturing,North,167112.86,291864.81,23541.66,203,,2988,-3,39852.84,12189
6/18/2024,Logistics,North,35716.38,117534.11,7081.12,585,12,2771,3,36904.06,1000
9/5/2024,It Services,South,298207.09,203923.6,143744.28,7,,2256,36,81701.74,14607
4/8/2023,Retail,South,205714.86,176037.07,62124.52,60,,131,3,68716.34,1987
,Manufacturing,East,125517.94,367653.97,157293.7,39,,2403,-2,29069.54,6889
10/7/2023,It Services,North,342636.42,121469.23,37892.41,477,18,2776,17,82056.81,5743
9/10/2023,Unknown,East,456661.7,37539.07,118038.75,486,9,2495,20,88181.36,6207
3/29/2024,Retail,North,523006.62,199546.3,161815.59,26,12,594,33,40551.48,9561
1/24/2024,Unknown,East,225040.08,185823.06,134884.03,289,16,1546,2,118346.46,5886
7/25/2023,Unknown,West,268518.31,47883.04,158247.43,433,24,1546,36,13726.33,1151
9/9/2024,Retail,Unknown,12659.67,69015.16,64986.03,194,26,598,42,2220.48,7750
6/18/2024,Unknown,South,550721.79,119780.54,76795.65,72,10,857,26,113995.79,11908
2/8/2024,Manufacturing,North,417242.54,115182.89,97228.98,120,7,2801,36,42855.81,6924
1/28/2023,Unknown,North,225778.26,320161.53,95516.55,420,17,169,36,65388.71,13756
,Unknown,Unknown,465036.87,246418.03,174597.25,289,5,2518,41,106056.29,14185
1/21/2023,Unknown,East,349753.38,353536.5,129002.49,529,12,1141,33,33065.04,627
4/12/2024,It Services,East,14580.98,5010.03,74159.41,52,,1546,15,107520.35,13052
9/3/2023,Manufacturing,North,470447.99,129705.24,185604.11,34,10,1003,38,79622.67,3592
7/6/2023,Unknown,South,165237.63,148441.53,71872.86,154,4,2846,43,102520.33,6203
7/11/2024,Unknown,South,281906.9,241337.24,32832.57,466,,633,40,99957.31,8999
1/5/2024,Unknown,West,135873.78,160958.77,144036.24,563,,1803,,8035.93,8411
9/8/2024,It Services,South,424763.97,161629.05,127555.18,289,0,198,-3,44033.39,12555
7/25/2024,Retail,East,113084.88,209257.89,146108.41,409,17,1546,35,34841.8,14721
2/5/2024,Retail,East,344954.89,83251.43,71730.53,272,,2329,26,12626.28,9393
10/28/2024,Retail,North,321603.45,324818.8,150267.33,431,5,394,9,112393.83,6564
10/12/2023,Unknown,South,222180.21,210037.47,136543.67,289,18,1300,28,72820.01,8590
10/22/2023,It Services,East,411378.35,211940.38,33844.12,163,13,684,42,36386.75,10823
5/13/2024,Logistics,Unknown,490767.61,35166.07,42562.94,26,11,1546,22,40735.41,6149
